<record><leader>00000cas a2200000 a 4500</leader><controlfield tag="001">15310737</controlfield><controlfield tag="008">870313d188918uumsuwr ne      0    0eng c</controlfield><datafield ind1=" " ind2=" " tag="010"><subfield code="a">sn 87065236 </subfield></datafield><datafield ind1=" " ind2=" " tag="040"><subfield code="a">MJA</subfield><subfield code="b">eng</subfield><subfield code="c">MJA</subfield><subfield code="d">MSJ</subfield><subfield code="d">CUI</subfield><subfield code="d">OCLCQ</subfield><subfield code="d">OCLCF</subfield></datafield><datafield ind1=" " ind2=" " tag="042"><subfield code="a">pcc</subfield></datafield><datafield ind1=" " ind2=" " tag="043"><subfield code="a">n-us-ms</subfield></datafield><datafield ind1=" " ind2="4" tag="050"><subfield code="a">AN</subfield></datafield><datafield ind1="0" ind2=" " tag="130"><subfield code="a">Commonwealth (Jackson, Miss.)</subfield></datafield><datafield ind1="1" ind2="4" tag="245"><subfield code="a">The Commonwealth.</subfield></datafield><datafield ind1=" " ind2=" " tag="260"><subfield code="a">Jackson, Miss. :</subfield><subfield code="b">Edgar S. Wilson,</subfield><subfield code="c">1889-</subfield></datafield><datafield ind1=" " ind2=" " tag="310"><subfield code="a">Weekly</subfield></datafield><datafield ind1="0" ind2=" " tag="362"><subfield code="a">1st yr. (Sept. 17, 1889)-</subfield></datafield><datafield ind1=" " ind2=" " tag="580"><subfield code="a">Merged with: New Mississippian, and: New farmer, to form: Mississippian (Jackson, Miss. : 1890).</subfield></datafield><datafield ind1=" " ind2="0" tag="651"><subfield code="a">Jackson (Miss.)</subfield><subfield code="v">Newspapers.</subfield></datafield><datafield ind1=" " ind2="0" tag="651"><subfield code="a">Hinds County (Miss.)</subfield><subfield code="v">Newspapers.</subfield></datafield><datafield ind1=" " ind2="7" tag="655"><subfield code="a">Newspapers.</subfield><subfield code="2">fast</subfield><subfield code="0">(OCoLC)fst01423814</subfield></datafield><datafield ind1=" " ind2="7" tag="651"><subfield code="a">Mississippi</subfield><subfield code="z">Hinds County.</subfield><subfield code="2">fast</subfield><subfield code="0">(OCoLC)fst01208481</subfield></datafield><datafield ind1=" " ind2="7" tag="651"><subfield code="a">Mississippi</subfield><subfield code="z">Jackson.</subfield><subfield code="2">fast</subfield><subfield code="0">(OCoLC)fst01205500</subfield></datafield><datafield ind1=" " ind2=" " tag="752"><subfield code="a">United States</subfield><subfield code="b">Mississippi</subfield><subfield code="c">Hinds</subfield><subfield code="d">Jackson.</subfield></datafield><datafield ind1="0" ind2="8" tag="776"><subfield code="i">Online version:</subfield><subfield code="t">Commonwealth (Jackson, Miss. : Online)</subfield><subfield code="w">(OCoLC)612066037</subfield></datafield><datafield ind1="0" ind2="7" tag="785"><subfield code="t">New Mississippian</subfield><subfield code="w">(OCoLC)15528182</subfield></datafield><datafield ind1="0" ind2="7" tag="785"><subfield code="t">New farmer</subfield></datafield><datafield ind1="0" ind2="7" tag="785"><subfield code="t">Mississippian (Jackson, Miss. : 1890)</subfield><subfield code="w">(OCoLC)15528295</subfield></datafield></record>